@article{schoof_2016,
	title = {A model for polythermal ice incorporating gravity-driven moisture transport},
	volume = {797},
	copyright = {https://www.cambridge.org/core/terms},
	issn = {0022-1120, 1469-7645},
	url = {https://www.cambridge.org/core/product/identifier/S0022112016002512/type/journal_article},
	doi = {10.1017/jfm.2016.251},
	language = {en},
	urldate = {2025-06-12},
	journal = {Journal of Fluid Mechanics},
	author = {Schoof, C. and Hewitt, I. J.},
	month = jun,
	year = {2016},
	pages = {504--535},
	file = {PDF:/Users/f007fk5/Zotero/storage/6ZBCQ6YL/Schoof and Hewitt - 2016 - A model for polythermal ice incorporating gravity-driven moisture transport.pdf:application/pdf},
}

@article{fowler_1984,
	title = {On the transport of moisture in polythermal glaciers},
	volume = {28},
	issn = {0309-1929, 1029-0419},
	url = {https://www.tandfonline.com/doi/full/10.1080/03091928408222846},
	doi = {10.1080/03091928408222846},
	language = {en},
	number = {2},
	urldate = {2025-06-12},
	journal = {Geophysical \& Astrophysical Fluid Dynamics},
	author = {Fowler, A. C.},
	month = mar,
	year = {1984},
	pages = {99--140},
	file = {PDF:/Users/f007fk5/Zotero/storage/IEXZE25K/Fowler - 1984 - On the transport of moisture in polythermal glaciers.pdf:application/pdf},
}

@article{hutter_1982,
	title = {A mathematical model of polythermal glaciers and ice sheets},
	volume = {21},
	issn = {0309-1929, 1029-0419},
	url = {http://www.tandfonline.com/doi/abs/10.1080/03091928208209013},
	doi = {10.1080/03091928208209013},
	language = {en},
	number = {3-4},
	urldate = {2025-06-12},
	journal = {Geophysical \& Astrophysical Fluid Dynamics},
	author = {Hutter, Kolumban},
	month = oct,
	year = {1982},
	pages = {201--224},
	file = {PDF:/Users/f007fk5/Zotero/storage/8AKH2BQX/Hutter - 1982 - A mathematical model of polythermal glaciers and ice sheets.pdf:application/pdf},
}


@article{fowler_1978,
	title = {On the flow of polythermal glaciers - {I}. {Model} and preliminary analysis},
	volume = {363},
	copyright = {https://royalsociety.org/journals/ethics-policies/data-sharing-mining/},
	issn = {0080-4630},
	url = {https://royalsocietypublishing.org/doi/10.1098/rspa.1978.0165},
	doi = {10.1098/rspa.1978.0165},
	language = {en},
	number = {1713},
	urldate = {2025-06-12},
	journal = {Proceedings of the Royal Society of London. A. Mathematical and Physical Sciences},
	month = nov,
	year = {1978},
	pages = {217--242},
	file = {PDF:/Users/f007fk5/Zotero/storage/KYGQMZMK/1978 - On the flow of polythermal glaciers - I. Model and preliminary analysis.pdf:application/pdf},
}

@book{hutter_theoretical_1983,
	series = {Mathematical {Approaches} to {Geophysics}},
	title = {Theoretical {Glaciology}: {Material} {Science} of {Ice} and the {Mechanics} of {Glaciers} and {Ice} {Sheets}},
	isbn = {978-90-277-1473-2},
	url = {https://books.google.com/books?id=75kqTGNKV9wC},
	publisher = {Springer},
	author = {Hutter, K.},
	year = {1983},
	lccn = {lc83004479},
}
@article{casey_2011,
	title = {On the derivation of jump conditions in continuum mechanics},
	language = {en},
	author = {Casey, James},
	year = {2011},
	file = {PDF:/Users/f007fk5/Zotero/storage/5JS7UI6B/Casey - On the derivation of jump conditions in continuum mechanics.pdf:application/pdf},
}


@article{mckenzie_1984,
	title = {The {Generation} and {Compaction} of {Partially} {Molten} {Rock}},
	volume = {25},
	issn = {0022-3530, 1460-2415},
	url = {https://academic.oup.com/petrology/article-lookup/doi/10.1093/petrology/25.3.713},
	doi = {10.1093/petrology/25.3.713},
	language = {en},
	number = {3},
	urldate = {2025-06-26},
	journal = {Journal of Petrology},
	author = {McKenzie, D.},
	month = aug,
	year = {1984},
	pages = {713--765},
	file = {PDF:/Users/f007fk5/Zotero/storage/K2IDU5U3/McKENZIE - 1984 - The Generation and Compaction of Partially Molten Rock.pdf:application/pdf},
}

@article{Andreucci,
title = {Lecture notes on the Stefan problem},
author = {Daniele Andreucci},
url = {https://www.sbai.uniroma1.it/pubblicazioni/doc/phd_quaderni/02-1-and.pdf},
year = {2004},
journal = {none},
}


@article{haseloff_2019,
	title = {Englacial {Pore} {Water} {Localizes} {Shear} in {Temperate} {Ice} {Stream} {Margins}},
	volume = {124},
	copyright = {http://creativecommons.org/licenses/by/4.0/},
	issn = {2169-9003, 2169-9011},
	url = {https://agupubs.onlinelibrary.wiley.com/doi/10.1029/2019JF005399},
	doi = {10.1029/2019jf005399},
	language = {en},
	number = {11},
	urldate = {2025-07-24},
	journal = {Journal of Geophysical Research: Earth Surface},
	author = {Haseloff, M. and Hewitt, I. J. and Katz, R. F.},
	month = nov,
	year = {2019},
	note = {Publisher: American Geophysical Union (AGU)},
	pages = {2521--2541},
}


@book{Greve_2009,
	series = {Advances in {Geophysical} and {Environmental} {Mechanics} and {Mathematics}},
	title = {Dynamics of {Ice} {Sheets} and {Glaciers}},
	isbn = {978-3-642-03415-2},
	url = {https://books.google.com/books?id=hv2NKoM7ylkC},
	publisher = {Springer Berlin Heidelberg},
	author = {Greve, R. and Blatter, H.},
	year = {2009},
	lccn = {2009932675},
}

